% This file was created with JabRef 2.8.1.
% Encoding: UTF8

@BOOK{koterov,
  title = {PHP 5 В Подлиннике},
  publisher = {БХВ-Петербург},
  year = {2006},
  author = {Д. Котеров and А. Костарев},
  pages = {1104},
  address = {В подлиннике},
  edition = {3-е},
  owner = {solidol},
  timestamp = {2012.09.07}
}

